<?xml version="1.0" encoding="UTF-8"?><collection xmlns="http://www.loc.gov/MARC21/slim"><record><leader>00642nam--2200193-i-4500</leader><controlfield tag="001">000023778</controlfield><controlfield tag="002">20161230</controlfield><controlfield tag="005">20161230201035</controlfield><controlfield tag="008">060222s1000------------r-----000-0-rum-d</controlfield><datafield ind1=" " ind2=" " tag="040"><subfield code="a">IFIN-HH</subfield></datafield><datafield ind1=" " ind2=" " tag="041"><subfield code="a">rum</subfield></datafield><datafield ind1=" " ind2=" " tag="080"><subfield code="a">539.164.2:539.142.2(043)</subfield></datafield><datafield ind1="1" ind2=" " tag="100"><subfield code="a">Holan, Suzana</subfield></datafield><datafield ind1="1" ind2="0" tag="245"><subfield code="a">Dezvoltarea teoriei dezintegrarii alfa, descrierea dezintegrarii alfa a nucleelor sferice cu ajutorul modelului de paturi</subfield><subfield code="b">Teza</subfield><subfield code="c">Suzana holan</subfield></datafield><datafield ind1=" " ind2=" " tag="260"><subfield code="a">Bucuresti</subfield><subfield code="b">Institutul De Fizica Atomica</subfield><subfield code="c">1975</subfield></datafield><datafield ind1=" " ind2=" " tag="300"><subfield code="a">136P</subfield></datafield><datafield ind1=" " ind2=" " tag="502"><subfield code="a">Conducator Stiintific: Prof.Dr.Doc. Aurel Sandulescu</subfield></datafield><datafield ind1=" " ind2=" " tag="852"><subfield code="a">45905</subfield><subfield code="c">539.16</subfield></datafield><datafield ind1=" " ind2=" " tag="CAT"><subfield code="a">Sys</subfield><subfield code="c">20120515</subfield><subfield code="h">155830</subfield></datafield></record></collection>